<record><leader>00000cas a22000007a 4500</leader><controlfield tag="001">16409640</controlfield><controlfield tag="008">870808d19351937iaudn ne      0    0eng d</controlfield><datafield ind1=" " ind2=" " tag="010"><subfield code="a">sn 87057797 </subfield></datafield><datafield ind1=" " ind2=" " tag="040"><subfield code="a">INP</subfield><subfield code="b">eng</subfield><subfield code="c">INP</subfield><subfield code="d">OCLCQ</subfield></datafield><datafield ind1=" " ind2=" " tag="042"><subfield code="a">msc</subfield></datafield><datafield ind1="0" ind2=" " tag="130"><subfield code="a">Spencer daily reporter (Spencer, Iowa : 1935)</subfield></datafield><datafield ind1="1" ind2="4" tag="245"><subfield code="a">The Spencer daily reporter.</subfield></datafield><datafield ind1=" " ind2=" " tag="260"><subfield code="a">Spencer, Iowa :</subfield><subfield code="b">Spencer Reporter Co.,</subfield><subfield code="c">1935-1937.</subfield></datafield><datafield ind1=" " ind2=" " tag="300"><subfield code="a">2 v.</subfield></datafield><datafield ind1=" " ind2=" " tag="310"><subfield code="a">Daily (except Sunday)</subfield></datafield><datafield ind1="0" ind2=" " tag="362"><subfield code="a">Vol. 61, no. 27 (July 1, 1935)-v. 62, no. 230 (Sept. 27, 1937).</subfield></datafield><datafield ind1=" " ind2=" " tag="752"><subfield code="a">United States</subfield><subfield code="b">Iowa</subfield><subfield code="c">Clay</subfield><subfield code="d">Spencer.</subfield></datafield><datafield ind1="0" ind2="0" tag="780"><subfield code="t">Spencer reporter</subfield><subfield code="w">(DLC)sn 87057796</subfield></datafield><datafield ind1="0" ind2="7" tag="785"><subfield code="t">Spencer news-herald</subfield><subfield code="w">(DLC)sn 87058493</subfield></datafield><datafield ind1="0" ind2="7" tag="785"><subfield code="t">Spencer daily reporter and the Spencer news-herald</subfield><subfield code="w">(DLC)sn 87057798</subfield></datafield></record>